<record xmlns="http://www.loc.gov/MARC21/slim" xmlns:xsi="http://www.w3.org/2001/XMLSchema-instance" xsi:schemaLocation="http://www.loc.gov/MARC21/slim http://www.loc.gov/standards/marcxml/schema/MARC21slim.xsd"><leader>00889nz   2200193n  4500</leader><controlfield tag="001">oca03894521 </controlfield><controlfield tag="005">19950809054715.1</controlfield><controlfield tag="008">950807n| acannaab|          |a aaa     c</controlfield><datafield ind1=" " ind2=" " tag="010"><subfield code="a">nr 95028967 </subfield></datafield><datafield ind1=" " ind2=" " tag="040"><subfield code="a">NNC</subfield><subfield code="c">NNC</subfield></datafield><datafield ind1="1" ind2=" " tag="100"><subfield code="a">Atherianus, Julius</subfield></datafield><datafield ind1="0" ind2=" " tag="400"><subfield code="a">Iulius Atherianus</subfield></datafield><datafield ind1="0" ind2=" " tag="400"><subfield code="a">Iulius Haterianus</subfield></datafield><datafield ind1="1" ind2=" " tag="400"><subfield code="a">Atherianus, Iulius</subfield></datafield><datafield ind1="1" ind2=" " tag="400"><subfield code="a">Haterianus, Iulius</subfield></datafield><datafield ind1=" " ind2=" " tag="670"><subfield code="a">His Historiae [CF] 1991:</subfield><subfield code="b">PHI CD ROM #5.3, Latin Canon, bibliographic screen (Iulius Atherianus)</subfield></datafield><datafield ind1=" " ind2=" " tag="670"><subfield code="a">Pauly-Wissowa:</subfield><subfield code="b">19. Halbbd., col. 613; "Iulius", #268 (Iulius Haterianus (Atherianus in the mss.); supposed author of a fictitious citation stating the virtues of the imperial pretender Victorianus (268 A.D.) in the Historia Augusta)</subfield></datafield><datafield ind1=" " ind2=" " tag="670"><subfield code="a">Peter, H. Historicorum romanorum reliquiae, 1906:</subfield><subfield code="b">p. clxxxxviiii (Iulius Atherianus or Haterianus)</subfield></datafield><datafield ind1=" " ind2=" " tag="675"><subfield code="a">Oxford class. dict.;</subfield><subfield code="a">NUC pre-56.</subfield></datafield></record>